<record><leader>00000cas a2200000Ma 4500</leader><controlfield tag="001">10729137</controlfield><controlfield tag="008">840514d18301832nhuwr ne      0    0eng d</controlfield><datafield ind1=" " ind2=" " tag="010"><subfield code="a">sn 84023062 </subfield></datafield><datafield ind1=" " ind2=" " tag="040"><subfield code="a">AQM</subfield><subfield code="b">eng</subfield><subfield code="c">AQM</subfield><subfield code="d">MEUBL</subfield><subfield code="d">OCLCQ</subfield></datafield><datafield ind1="0" ind2="4" tag="082"><subfield code="a">071</subfield><subfield code="b">.N444</subfield></datafield><datafield ind1="0" ind2="0" tag="245"><subfield code="a">New-Hampshire chronicle.</subfield></datafield><datafield ind1=" " ind2=" " tag="260"><subfield code="a">Dover, N.H. :</subfield><subfield code="b">Charles C.P. Moody,</subfield><subfield code="c">1830-</subfield></datafield><datafield ind1=" " ind2=" " tag="300"><subfield code="a">v.</subfield></datafield><datafield ind1=" " ind2=" " tag="310"><subfield code="a">Weekly</subfield></datafield><datafield ind1="0" ind2=" " tag="362"><subfield code="a">Vol. 1, no. 1 (June 5, 1830)-</subfield></datafield><datafield ind1="1" ind2=" " tag="362"><subfield code="a">Ceased with Mar. 17, 1832 issue.</subfield><subfield code="z">Cf. Amer. newspapers, 1821-1936.</subfield></datafield><datafield ind1=" " ind2="7" tag="655"><subfield code="a">Newspapers.</subfield><subfield code="2">rbgenr</subfield></datafield><datafield ind1=" " ind2=" " tag="752"><subfield code="a">United States</subfield><subfield code="b">New Hampshire</subfield><subfield code="c">Strafford</subfield><subfield code="d">Dover.</subfield></datafield><datafield ind1="0" ind2="4" tag="785"><subfield code="t">New Hampshire observer</subfield></datafield></record>